@book{bellac2012,
  title={Des ph{\'e}nom{\`e}nes critiques aux champs de jauge - Une introduction aux m{\'e}thodes et aux applications de la th{\'e}orie quantique des champs},
  author={Bellac, M.L.},
  isbn={\cbc{}9782759802845\cfc},
  series={\cbc{}Savoirs Actuels\cfc},
  year={\cbc{}2012\cfc},
  publisher={\cbc{}EDP Sciences\cfc}
}


@Inbook{Delamotte2012,
author="Delamotte, Bertrand",
editor="Schwenk, Achim
and Polonyi, Janos",
title="An Introduction to the Nonperturbative Renormalization Group",
bookTitle="Renormalization Group and Effective Field Theory Approaches to Many-Body Systems",
year="\cbc{}2012\cfc",
publisher="\cbc{}Springer Berlin Heidelberg \cfc",
address="Berlin, Heidelberg",
pages="49--132",
isbn="978-3-642-27320-9",
doi="10.1007/978-3-642-27320-9_2",
}


@article{Ising2DNPRG,
  title = {From local to critical fluctuations in lattice models: A nonperturbative renormalization-group approach},
  author = {Machado, T. and Dupuis, N.},
  journal = {\cbc{}Phys. Rev. E\cfc},
  volume = {\cbc{}82\cfc},
  issue = {\cbc{}4\cfc},
  pages = {\cbc{}041128\cfc},
  numpages = {\cbc{}11\cfc},
  year = {\cbc{}2010\cfc},
  month = {\cbc{}Oct\cfc},
  publisher = {\cbc{}American Physical Society \cfc},
  doi = {10.1103/PhysRevE.82.041128},
  url = {https://link.aps.org/doi/10.1103/PhysRevE.82.041128}
}


@Article{Dupuis2008,
author="Dupuis, N.
and Sengupta, K.",
title="Non-perturbative renormalization-group approach to lattice models",
journal="\cbc{}The European Physical Journal B\cfc",
year="\cbc{}2008\cfc",
volume="\cbc{}66\cfc",
number="\cbc{}2\cfc",
pages="\cbc{}271--278\cfc",
issn="\cbc{}1434-6036\cfc",
doi="10.1140/epjb/e2008-00417-1",
url="http://dx.doi.org/10.1140/epjb/e2008-00417-1"
}


@article{Blaizot,
title = "A new method to solve the non-perturbative renormalization group equations ",
journal = "\cbc{}Physics Letters B \cfc",
volume = "\cbc{}632\cfc",
number = "\cbc{}4\cfc",
pages = "\cbc{}571 - 578\cfc",
year = "\cbc2006\cfc",
note = "",
issn = "0370-2693",
doi = "https://doi.org/10.1016/j.physletb.2005.10.086",
url = "http://www.sciencedirect.com/science/article/pii/S0370269305015881",
author = "Jean-Paul Blaizot and Ramón Méndez-Galain and Nicolás Wschebor"
}

@book{Clenshaw,
 author = {Press, William H. and Teukolsky, Saul A. and Vetterling, William T. and Flannery, Brian P.},
 title = {Numerical Recipes in C (2Nd Ed.): The Art of Scientific Computing},
 year = {\cbc{}1992\cfc},
 isbn = {\cbc{}0-521-43108-5 \cfc},
 publisher = {\cbc{}Cambridge University Press\cfc},
 address = {New York, NY, USA},
}

@phdthesis{TownsendThesis,
  title={Computing with functions in two dimensions},
  author={Townsend, Alex},
  year={\cbc{}2014\cfc},
  school={University of Oxford}
}

@book{Tchebychev,
 author = {J. C. Mason and D. C. Handscomb},
 title  = {Chebyshev Polynomials},
 publisher = {\cbc{}CRC Press \cfc},
 address   = {Florida},
 year      = {\cbc{}2003 \cfc}
}

@article{Wetterich,
title = "Exact evolution equation for the effective potential",
journal = "\cbc{}Physics Letters B\cfc",
volume = "\cbc{}301\cfc",
number = "\cbc{}1\cfc",
pages = "\cbc{}94\cfc",
year = "\cbc{}1993\cfc", 
note = "",
issn = "0370-2693",
doi = "http://dx.doi.org/10.1016/0370-2693(93)90726-X",
url = "http://www.sciencedirect.com/science/article/pii/037026939390726X",
author = "Christof Wetterich",
}


@phdthesis{LeonardThesis,
  title={Criticalité et phase de brisée de modèles avec symétrie discrète},
  author={Léonard, Frédéric},
  year={\cbc{}2016\cfc},
  school={Université Pierre et Marie Curie}
}

@article{Onsager,
  title = {Crystal Statistics. I. A Two-Dimensional Model with an Order-Disorder Transition},
  author = {Onsager, Lars},
  journal = {\cbc{}Phys. Rev.\cfc},
  volume = {\cbc{}65\cfc},
  issue = {\cbc{}3-4\cfc},
  pages = {\cbc{}117--149\cfc},
  numpages = {\cbc{}0\cfc},
  year = {\cbc{}1944\cfc},
  month = {\cbc{}Feb\cfc},
  publisher = {American Physical Society},
  doi = {10.1103/PhysRev.65.117},
  url = {https://link.aps.org/doi/10.1103/PhysRev.65.117}
}

@article{shen1994efficient,
  title={Efficient spectral-Galerkin method I. Direct solvers of second-and
  fourth-order equations using Legendre polynomials},
  author={Shen, Jie},
  journal={\cbc{}SIAM Journal on Scientific Computing\cfc},
  volume={\cbc{}15\cfc},
  number={\cbc{}6\cfc},
  pages={\cbc{}1489--1505\cfc},
  year={\cbc{}1994\cfc},
  publisher={SIAM}
}
