% Encoding: UTF-8


@Book{bellac2012,
  Title                    = {Des ph{\'e}nom{\`e}nes critiques aux champs de jauge - Une introduction aux m{\'e}thodes et aux applications de la th{\'e}orie quantique des champs},
  Author                   = {Bellac, M.L.},
  Publisher                = {EDP Sciences},
  Year                     = {2012},
  Series                   = {Savoirs Actuels},

  ISBN                     = {9782759802845}
}

@Article{benitez2012nonperturbative,
  Title                    = {Nonperturbative renormalization group preserving full-momentum dependence: Implementation and quantitative evaluation},
  Author                   = {Benitez, F and Blaizot, J-P and Chat{\'e}, H and Delamotte, B and M{\'e}ndez-Galain, R and Wschebor, N},
  Journal                  = {Physical Review E},
  Year                     = {2012},
  Number                   = {2},
  Pages                    = {026707},
  Volume                   = {85},

  Publisher                = {APS}
}

@Article{PhysRevE.80.030103,
  Title                    = {Solutions of renormalization-group flow equations with full momentum dependence},
  Author                   = {Benitez, F. and Blaizot, J.-P. and Chat\'e, H. and Delamotte, B. and M\'endez-Galain, R. and Wschebor, N.},
  Journal                  = {Phys. Rev. E},
  Year                     = {2009},

  Month                    = {Sep},
  Pages                    = {030103},
  Volume                   = {80},

  Doi                      = {10.1103/PhysRevE.80.030103},
  File                     = {:/users/invites/facchinetti/Documents/Stage/Bibliographie/PhysRevE.80.030103.pdf:PDF},
  Issue                    = {3},
  Numpages                 = {4},
  Publisher                = {American Physical Society},
  Url                      = {https://link.aps.org/doi/10.1103/PhysRevE.80.030103}
}

@Article{Blaizot,
  Title                    = {A new method to solve the non-perturbative renormalization group equations },
  Author                   = {Jean-Paul Blaizot and Ramón Méndez-Galain and Nicolás Wschebor},
  Journal                  = {Physics Letters B },
  Year                     = {2006},
  Number                   = {4},
  Pages                    = {571 - 578},
  Volume                   = {632},

  Doi                      = {https://doi.org/10.1016/j.physletb.2005.10.086},
  ISSN                     = {0370-2693},
  Url                      = {http://www.sciencedirect.com/science/article/pii/S0370269305015881}
}

@Article{clenshaw1955note,
  Title                    = {A note on the summation of Chebyshev series},
  Author                   = {Clenshaw, CW},
  Journal                  = {Mathematics of Computation},
  Year                     = {1955},
  Number                   = {51},
  Pages                    = {118--120},
  Volume                   = {9},

  File                     = {:/users/invites/facchinetti/Documents/Stage/Bibliographie/OnTheSummationOfChebyshevFunctions.pdf:PDF}
}

@InBook{Delamotte2012,
  Title                    = {An Introduction to the Nonperturbative Renormalization Group},
  Author                   = {Delamotte, Bertrand},
  Editor                   = {Schwenk, Achim
and Polonyi, Janos},
  Pages                    = {49--132},
  Publisher                = {Springer Berlin Heidelberg },
  Year                     = {2012},

  Address                  = {Berlin, Heidelberg},

  Booktitle                = {Renormalization Group and Effective Field Theory Approaches to Many-Body Systems},
  Doi                      = {10.1007/978-3-642-27320-9_2},
  File                     = {:/users/invites/facchinetti/Documents/Stage/Bibliographie/Delamotte2012.pdf:PDF},
  ISBN                     = {978-3-642-27320-9}
}

@Article{Dupuis2008,
  Title                    = {Non-perturbative renormalization-group approach to lattice models},
  Author                   = {Dupuis, N.
and Sengupta, K.},
  Journal                  = {The European Physical Journal B},
  Year                     = {2008},
  Number                   = {2},
  Pages                    = {271--278},
  Volume                   = {66},

  Doi                      = {10.1140/epjb/e2008-00417-1},
  ISSN                     = {1434-6036},
  Url                      = {http://dx.doi.org/10.1140/epjb/e2008-00417-1}
}

@PhdThesis{LeonardThesis,
  Title                    = {Criticalité et phase de brisée de modèles avec symétrie discrète},
  Author                   = {Léonard, Frédéric},
  School                   = {Université Pierre et Marie Curie},
  Year                     = {2016},

  File                     = {:/users/invites/facchinetti/Documents/Stage/Bibliographie/ThèseLéonard.pdf:PDF}
}

@Article{Ising2DNPRG,
  Title                    = {From local to critical fluctuations in lattice models: A nonperturbative renormalization-group approach},
  Author                   = {Machado, T. and Dupuis, N.},
  Journal                  = {Phys. Rev. E},
  Year                     = {2010},

  Month                    = {Oct},
  Pages                    = {041128},
  Volume                   = {82},

  Doi                      = {10.1103/PhysRevE.82.041128},
  File                     = {:/users/invites/facchinetti/Documents/Stage/Bibliographie/PhysRevE.82.041128.pdf:PDF},
  Issue                    = {4},
  Numpages                 = {11},
  Publisher                = {American Physical Society },
  Url                      = {https://link.aps.org/doi/10.1103/PhysRevE.82.041128}
}

@Book{Tchebychev,
  Title                    = {Chebyshev Polynomials},
  Author                   = {J. C. Mason and D. C. Handscomb},
  Publisher                = {CRC Press },
  Year                     = {2003 },

  Address                  = {Florida}
}

@Article{Onsager,
  Title                    = {Crystal Statistics. I. A Two-Dimensional Model with an Order-Disorder Transition},
  Author                   = {Onsager, Lars},
  Journal                  = {Phys. Rev.},
  Year                     = {1944},

  Month                    = {Feb},
  Pages                    = {117--149},
  Volume                   = {65},

  Doi                      = {10.1103/PhysRev.65.117},
  Issue                    = {3-4},
  Numpages                 = {0},
  Publisher                = {American Physical Society},
  Url                      = {https://link.aps.org/doi/10.1103/PhysRev.65.117}
}

@Book{Clenshaw,
  Title                    = {Numerical Recipes in C (2Nd Ed.): The Art of Scientific Computing},
  Author                   = {Press, William H. and Teukolsky, Saul A. and Vetterling, William T. and Flannery, Brian P.},
  Publisher                = {Cambridge University Press},
  Year                     = {1992},

  Address                  = {New York, NY, USA},

  ISBN                     = {0-521-43108-5 }
}

@Article{shen1994efficient,
  Title                    = {Efficient spectral-Galerkin method I. Direct solvers of second-and
 fourth-order equations using Legendre polynomials},
  Author                   = {Shen, Jie},
  Journal                  = {SIAM Journal on Scientific Computing},
  Year                     = {1994},
  Number                   = {6},
  Pages                    = {1489--1505},
  Volume                   = {15},

  Publisher                = {SIAM}
}

@PhdThesis{TownsendThesis,
  Title                    = {Computing with functions in two dimensions},
  Author                   = {Townsend, Alex},
  School                   = {University of Oxford},
  Year                     = {2014},

  File                     = {:/users/invites/facchinetti/Documents/Stage/Bibliographie/ThèseTownsendChebyshev.pdf:PDF}
}

@Article{Wetterich,
  Title                    = {Exact evolution equation for the effective potential},
  Author                   = {Christof Wetterich},
  Journal                  = {Physics Letters B},
  Year                     = {1993},
  Number                   = {1},
  Pages                    = {94},
  Volume                   = {301},

  Doi                      = {http://dx.doi.org/10.1016/0370-2693(93)90726-X},
  ISSN                     = {0370-2693},
  Url                      = {http://www.sciencedirect.com/science/article/pii/037026939390726X}
}

@Book{diu2007thermodynamique,
  title     = {Thermodynamique},
  publisher = {Hermann},
  year      = {2007},
  author    = {Diu, B. and Guthmann, C. and Lederer, D.},
  series    = {Collection Enseignement des sciences},
  isbn      = {9782705666866},
  url       = {https://books.google.fr/books?id=FyDxJAAACAAJ},
}

@Book{rohtuA,
  title     = {Éléments de physique statistique},
  publisher = {Hermann},
  year      = {Juillet 1996},
  author    = {Bernard Diu, Claudine Guthmann, Danielle Lederer, Bernard Roulet},
  isbn      = {2-7056-6065-8},
  language  = {Français},
}

@Article{toledano1987landau,
  author  = {Toledano, JC and Toledano, P},
  title   = {The landau theory of phase transitions World Scientific},
  journal = {Singapore, New Jersey, Hong Kong},
  year    = {1987},
  pages   = {451},
}

@Article{kochmanski2013curie,
  author    = {Kochma{\'n}ski, Martin and Paszkiewicz, Tadeusz and Wolski, S{\l}awomir},
  title     = {Curie--Weiss magnet—a simple model of phase transition},
  journal   = {European Journal of Physics},
  year      = {2013},
  volume    = {34},
  number    = {6},
  pages     = {1555},
  publisher = {IOP Publishing},
}

@Article{wilson1971renormalization,
  author    = {Wilson, Kenneth G},
  title     = {Renormalization group and critical phenomena. I. Renormalization group and the Kadanoff scaling picture},
  journal   = {Physical review B},
  year      = {1971},
  volume    = {4},
  number    = {9},
  pages     = {3174},
  publisher = {APS},
}

@Article{wilson1971renormalization2,
  author    = {Wilson, Kenneth G},
  title     = {Renormalization group and critical phenomena. II. Phase-space cell analysis of critical behavior},
  journal   = {Physical Review B},
  year      = {1971},
  volume    = {4},
  number    = {9},
  pages     = {3184},
  publisher = {APS},
}

@Article{fisher1998renormalization,
  author    = {Fisher, Michael E},
  title     = {Renormalization group theory: Its basis and formulation in statistical physics},
  journal   = {Reviews of Modern Physics},
  year      = {1998},
  volume    = {70},
  number    = {2},
  pages     = {653},
  publisher = {APS},
}

@Article{wilson1975renormalization,
  author    = {Wilson, Kenneth G},
  title     = {The renormalization group: Critical phenomena and the Kondo problem},
  journal   = {Reviews of Modern Physics},
  year      = {1975},
  volume    = {47},
  number    = {4},
  pages     = {773},
  publisher = {APS},
}

@InProceedings{kadanoff1967scaling,
  author       = {Kadanoff, LP},
  title        = {SCALING LAWS FOR ISING MODELS NEAR CRITICAL POINTS.},
  booktitle    = {pp 24-36 of Proceedings of the 1966 Midwest Conference on Theoretical Physics, Indiana University, May 20--21, 1966. Lichtenberg, DB (ed.). Bloomington, Ind., Indiana University, 1966.},
  year         = {1967},
  organization = {Univ. of Illinois, Urbana},
}

@Comment{jabref-meta: databaseType:bibtex;}
